
@book{goovaerts1997geostatistics,
  title={Geostatistics for natural resources evaluation},
  author={Goovaerts, Pierre},
  year={1997},
  publisher={Oxford University Press on Demand}
}

@article{isaaks1989applied,
	title={Applied geostatistics},
	author={Isaaks, Edward H and Srivastava, R Mohan},
	year={1989},
	publisher={Oxford University Press}
}

@book{wackernagel2013multivariate,
	title={Multivariate geostatistics: an introduction with applications},
	author={Wackernagel, Hans},
	year={2013},
	publisher={Springer Science \& Business Media}
}

@book{coburn2005stochastic,
	title={Stochastic modeling and geostatistics: principles, methods, and case studies, vol. II, AAPG computer applications in geology 5},
	author={Coburn, Timothy C and Yarus, Jeffrey M and Chambers, Richard L and others},
	volume={5},
	year={2005},
	publisher={AAPG}
}

@book{sinclair2002applied,
	title={Applied mineral inventory estimation},
	author={Sinclair, Alastair J and Blackwell, Garston H},
	year={2002},
	publisher={Cambridge University Press}
}

@book{draper1966applied,
	title={Applied regression analysis},
	author={Draper, Norman Richard and Smith, Harry and Pownell, Elizabeth},
	volume={3},
	year={1966},
	publisher={Wiley New York}
}

@book{clark1979practical,
	title={Practical geostatistics},
	author={Clark, Isobel},
	volume={3},
	year={1979},
	publisher={Applied Science Publishers London}
}

@book{journel1978mining,
	title={Mining geostatistics},
	author={Journel, Andre G and Huijbregts, Ch J},
	year={1978},
	publisher={Academic press}
}

@article{cressie1985fitting,
	title={Fitting variogram models by weighted least squares},
	author={Cressie, Noel},
	journal={Journal of the International Association for Mathematical Geology},
	volume={17},
	number={5},
	pages={563--586},
	year={1985},
	publisher={Springer}
}

@article{gringarten2001teacher,
	title={Teacher's aide variogram interpretation and modeling},
	author={Gringarten, Emmanuel and Deutsch, Clayton V},
	journal={Mathematical Geology},
	volume={33},
	number={4},
	pages={507--534},
	year={2001},
	publisher={Springer}
}

@article{matheron1963principles,
	title={Principles of geostatistics},
	author={Matheron, Georges},
	journal={Economic geology},
	volume={58},
	number={8},
	pages={1246--1266},
	year={1963},
	publisher={Society of Economic Geologists}
}

@article{mcbratney1981design,
	title={The design of optimal sampling schemes for local estimation and mapping of of regionalized variables—I: Theory and method},
	author={McBratney, AB and Webster, R and Burgess, TM},
	journal={Computers \& Geosciences},
	volume={7},
	number={4},
	pages={331--334},
	year={1981},
	publisher={Elsevier}
}

@misc{deutschcv1998gslib,
	title={GSLIB: Geostatisticalsoftware libraryanduser'sguide.},
	author={DeutschCV, JournelAG},
	year={1998},
	publisher={NewYork: OxfordUniversity Press}
}

@book{yamamoto2001avaliaccao,
	title={Avalia{\c{c}}{\~a}o e classifica{\c{c}}{\~a}o de reservas minerais},
	author={Yamamoto, Jorge Kazuo},
	volume={38},
	year={2001},
	publisher={Edusp}
}

@book{rossi2013mineral,
	title={Mineral resource estimation},
	author={Rossi, Mario E and Deutsch, Clayton V},
	year={2013},
	publisher={Springer Science \& Business Media}
}

@article{matheron1963principles,
	title={Principles of geostatistics},
	author={Matheron, Georges},
	journal={Economic geology},
	volume={58},
	number={8},
	pages={1246--1266},
	year={1963},
	publisher={Society of Economic Geologists}
}

@inproceedings{carrasco2008additivity,
	title={Additivity, metallurgical recovery, and grade},
	author={Carrasco, Pedro and Chil{\`e}s, Jean-Paul and S{\'e}guret, Serge Antoine},
	booktitle={8th international Geostatistics Congress},
	pages={on--CD},
	year={2008}
}


@article{hustrulid2006open,
	title={Open Pit Mine Planning and Design, Volume 1: Fundamentals},
	author={Hustrulid, W and Kuchta, M and Martin, R},
	journal={CRC Press Taylor \& Francis Group},
	volume={6000},
	pages={33487--2742},
	year={2006}
}

@book{rendu2014introduction,
	title={An introduction to cut-off grade estimation},
	author={Rendu, Jean-Michel},
	year={2014},
	publisher={Society for Mining, Metallurgy, and Exploration}
}

@incollection{srivastava1989robust,
	title={Robust measures of spatial continuity},
	author={Srivastava, R Mohan and Parker, Harry M},
	booktitle={Geostatistics},
	pages={295--308},
	year={1989},
	publisher={Springer}
}

@book{maranhao1985introduccao,
	title={Introdu{\c{c}}{\~a}o {\`a} pesquisa mineral},
	author={Maranhao, Ricardo Jorge Lobo},
	year={1985},
	publisher={Banco do Nordeste do Brasil SA Escrit{\'o}rio T{\'e}cnico de Estudos Econ{\^o}micos do~…}
}

@article{susaeta2008dilution,
	title={Dilution behaviour at Codelco panel cave Mines},
	author={Susaeta, A and Rubio, E and Pais, G and Enriquez, J},
	journal={Proceedings of MassMin 2008},
	pages={167--178},
	year={2008}
}

@article{delhomme1978applications,
	title={Applications de la th{\'e}orie des variables r{\'e}gionalis{\'e}es dans les sciences de l'eau},
	author={Delhomme, Jean-Pierre},
	year={1978}
}


@book{gy2012sampling,
	title={Sampling of particulate materials theory and practice},
	author={Gy, Pierre},
	volume={6},
	year={2012},
	publisher={Elsevier}
}

@book{chiles2009geostatistics,
	title={Geostatistics: modeling spatial uncertainty},
	author={Chiles, Jean-Paul and Delfiner, Pierre},
	volume={497},
	year={2009},
	publisher={John Wiley \& Sons}
}

@article{casella2010inferencia,
	title={Infer{\^e}ncia estat{\'\i}stica},
	author={Casella, George and Berger, Roger L},
	journal={S{\~a}o Paulo: Cengage Learning},
	year={2010}
}

@article{alencar2014teoria,
	title={Teoria de Conjuntos, Medida e Probabilidade},
	author={Alencar, Marcelo Sampaio de},
	journal={S{\~a}o Paulo: Ed. {\'E}rica},
	year={2014}
}

@article{feitosa2011teoria,
	title={Teoria dos conjuntos: sobre a fundamenta{\c{c}}ao matem{\'a}tica e a constru{\c{c}}ao de conjuntos num{\'e}ricos},
	author={FEITOSA, H de A and NASCIMENTO, MC do and BRUNO-ALFONSO, A},
	journal={Rio de Janeiro: Editora Ci{\^e}ncia Moderna},
	year={2011}
}

@article{oliver1989geostatistics,
	title={Geostatistics in physical geography. Part I: theory},
	author={Oliver, Margaret and Webster, Richard and Gerrard, John},
	journal={Transactions of the Institute of British Geographers},
	pages={259--269},
	year={1989},
	publisher={JSTOR}
}

@article{krige1960departure,
	title={On the departure of ore value distributions from the lognormal model in South African gold mines},
	author={Krige, DG},
	journal={Journal of the Southern African Institute of Mining and Metallurgy},
	volume={61},
	number={4},
	pages={231--244},
	year={1960},
	publisher={Sabinet}
}

@book{borradaile2013statistics,
	title={Statistics of earth science data: their distribution in time, space and orientation},
	author={Borradaile, Graham J},
	year={2013},
	publisher={Springer Science \& Business Media}
}

@article{figueira1998identificaccao,
	title={Identifica{\c{c}}{\~a}o de outliers},
	author={Figueira, Maria Manuela Caria},
	journal={Millenium},
	year={1998},
	publisher={Instituto Polit{\'e}cnico de Viseu}
}

@article{machado2012alternativa,
	title={Uma alternativa para a estimativa de teores em dep{\'o}sitos de ouro: Geoestat{\'\i}stica Param{\'e}trica de Campo},
	author={Machado, Rochana da Silva},
	year={2012}
}

@article{gustavsson1997visualization,
	title={Visualization of geochemical data on maps at the Geological Survey of Finland},
	author={Gustavsson, Nils and Lampio, E and Tarvainen, T},
	journal={Journal of Geochemical Exploration},
	volume={59},
	number={3},
	pages={197--207},
	year={1997},
	publisher={Elsevier}
}

@inproceedings{morris2000experimental,
	title={Experimental analysis of the effectiveness of features in Chernoff faces},
	author={Morris, Christopher J and Ebert, David S and Rheingans, Penny L},
	booktitle={28th AIPR Workshop: 3D Visualization for Data Exploration and Decision Making},
	volume={3905},
	pages={12--17},
	year={2000},
	organization={International Society for Optics and Photonics}
}

@book{maranhao1985introduccao,
	title={Introdu{\c{c}}{\~a}o {\`a} pesquisa mineral},
	author={Maranhao, Ricardo Jorge Lobo},
	year={1985},
	publisher={Banco do Nordeste do Brasil SA Escrit{\'o}rio T{\'e}cnico de Estudos Econ{\^o}micos do~…}
}

@book{weisberg2005applied,
	title={Applied linear regression},
	author={Weisberg, Sanford},
	volume={528},
	year={2005},
	publisher={John Wiley \& Sons}
}

@book{yamamoto2001avaliaccao,
	title={Avalia{\c{c}}{\~a}o e classifica{\c{c}}{\~a}o de reservas minerais},
	author={Yamamoto, Jorge Kazuo},
	volume={38},
	year={2001},
	publisher={Edusp}
}

@article{heylighen1997occam,
	title={Occam’s razor},
	author={Heylighen, Francis},
	journal={Principia cybernetica web},
	year={1997},
	publisher={Brussels: Principia Cybernetica, URL: http://pespmc1. vub. ac. be/OCCAMRAZ. html}
}

@article{brassel1979procedure,
	title={A procedure to generate Thiessen polygons},
	author={Brassel, Kurt E and Reif, Douglas},
	journal={Geographical Analysis},
	volume={11},
	number={3},
	pages={289--303},
	year={1979},
	publisher={Wiley Online Library}
}

@article{pyrcz2003declustering,
	title={Declustering and debiasing},
	author={Pyrcz, MJ and Deutsch, CV},
	journal={Newsletter},
	volume={19},
	year={2003}
}

@article{gringarten2001teacher,
	title={Teacher's aide variogram interpretation and modeling},
	author={Gringarten, Emmanuel and Deutsch, Clayton V},
	journal={Mathematical Geology},
	volume={33},
	number={4},
	pages={507--534},
	year={2001},
	publisher={Springer}
}