
@book{goovaerts1997geostatistics,
  title={Geostatistics for natural resources evaluation},
  author={Goovaerts, Pierre},
  year={1997},
  publisher={Oxford University Press on Demand}
}

@article{isaaks1989applied,
	title={Applied geostatistics},
	author={Isaaks, Edward H and Srivastava, R Mohan},
	year={1989},
	publisher={Oxford University Press}
}

@book{wackernagel2013multivariate,
	title={Multivariate geostatistics: an introduction with applications},
	author={Wackernagel, Hans},
	year={2013},
	publisher={Springer Science \& Business Media}
}

@book{coburn2005stochastic,
	title={Stochastic modeling and geostatistics: principles, methods, and case studies, vol. II, AAPG computer applications in geology 5},
	author={Coburn, Timothy C and Yarus, Jeffrey M and Chambers, Richard L and others},
	volume={5},
	year={2005},
	publisher={AAPG}
}

@book{sinclair2002applied,
	title={Applied mineral inventory estimation},
	author={Sinclair, Alastair J and Blackwell, Garston H},
	year={2002},
	publisher={Cambridge University Press}
}

@book{draper1966applied,
	title={Applied regression analysis},
	author={Draper, Norman Richard and Smith, Harry and Pownell, Elizabeth},
	volume={3},
	year={1966},
	publisher={Wiley New York}
}

@book{clark1979practical,
	title={Practical geostatistics},
	author={Clark, Isobel},
	volume={3},
	year={1979},
	publisher={Applied Science Publishers London}
}

@book{journel1978mining,
	title={Mining geostatistics},
	author={Journel, Andre G and Huijbregts, Ch J},
	year={1978},
	publisher={Academic press}
}

@article{cressie1985fitting,
	title={Fitting variogram models by weighted least squares},
	author={Cressie, Noel},
	journal={Journal of the International Association for Mathematical Geology},
	volume={17},
	number={5},
	pages={563--586},
	year={1985},
	publisher={Springer}
}

@article{gringarten2001teacher,
	title={Teacher's aide variogram interpretation and modeling},
	author={Gringarten, Emmanuel and Deutsch, Clayton V},
	journal={Mathematical Geology},
	volume={33},
	number={4},
	pages={507--534},
	year={2001},
	publisher={Springer}
}

@article{matheron1963principles,
	title={Principles of geostatistics},
	author={Matheron, Georges},
	journal={Economic geology},
	volume={58},
	number={8},
	pages={1246--1266},
	year={1963},
	publisher={Society of Economic Geologists}
}

@article{mcbratney1981design,
	title={The design of optimal sampling schemes for local estimation and mapping of of regionalized variablesâ€”I: Theory and method},
	author={McBratney, AB and Webster, R and Burgess, TM},
	journal={Computers \& Geosciences},
	volume={7},
	number={4},
	pages={331--334},
	year={1981},
	publisher={Elsevier}
}

@misc{deutschcv1998gslib,
	title={GSLIB: Geostatisticalsoftware libraryanduser'sguide.},
	author={DeutschCV, JournelAG},
	year={1998},
	publisher={NewYork: OxfordUniversity Press}
}